@misc{adam,
      title={Adam: A Method for Stochastic Optimization}, 
      author={Diederik P. Kingma and Jimmy Ba},
      year={2017},
      eprint={1412.6980},
      archivePrefix={arXiv},
      primaryClass={cs.LG},
      url={https://arxiv.org/abs/1412.6980}, 
}

@article{portillo2020,
  title={Dimensionality reduction of SDSS spectra with variational autoencoders},
  author={Portillo, Stephen K. N. and Parejko, John K. and Vergara, Jorge R. and Connolly, Andrew J.},
  journal={arXiv preprint arXiv:2002.10464},
  year={2020}
}

@misc{Falcon2019,
  author = {Falcon, W. and {The PyTorch Lightning team}},
  title  = "{PyTorch Lightning}",
  year   = {2019},
  note   = {GitHub repository, \url{https://github.com/PyTorchLightning/pytorch-lightning}}
}

@misc{Biewald2020,
  author = {Biewald, L.},
  title  = "{Experiment Tracking with Weights and Biases}",
  year   = {2020},
  note   = {Software available from \url{https://www.wandb.com/}}
}

@inproceedings{VanderPlas2012,
  author    = {{Vanderplas}, J.~T. and {Connolly}, A.~J. and {Ivezi{\'c}}, {\v Z}. and {Gray}, A.},
  title     = "{Introduction to astroML: Machine Learning for Astrophysics}",
  booktitle = {Conference on Intelligent Data Understanding (CIDU)},
  pages     = {47--54},
  year      = {2012}
}
